@article{cortina2015reaching,
  title={Reaching a broader population of students through unplugged activities},
  author={Cortina, Thomas J},
  journal={Communications of the ACM},
  volume={58},
  number={3},
  pages={25--27},
  year={2015},
  publisher={ACM}
}

@Misc{fellows2005,
  author = 	 {Fellows M., Bell T. and Witten I.},
  title = 	 {Computer Science Unplugged},
  howpublished = {\url{http://csunplugged.org/}},
  month = 	 {September},
    year = 	 {2005}
}

@inproceedings{curzon2013,
  title={cs4fn and computational thinking unplugged},
  author={Curzon, Paul},
  booktitle={Proceedings of the 8th Workshop in Primary and Secondary Computing Education},
  pages={47--50},
  year={2013},
  organization={ACM}
}

@article{lu2009,
  title={Thinking about computational thinking},
  author={Lu, James J and Fletcher, George HL},
  journal={{ACM SIGCSE Bulletin}},
  volume={41},
  number={1},
  pages={260--264},
  year={2009}
}

@inproceedings{settle2012,
  title={Infusing computational thinking into the middle-and high-school curriculum},
  author={Settle, Amber and Franke, Baker and Hansen, Ruth and Spaltro, Frances and Jurisson, Cynthia and Rennert-May, Colin and Wildeman, Brian},
  booktitle={Proceedings of the 17th ACM annual conference on Innovation and technology in computer science education},
  pages={22--27},
  year={2012},
  organization={ACM}
}

@inproceedings{thies2012,
  title={Reflections on outreach programs in CS classes: learning objectives for unplugged activities},
  author={Thies, Renate and Vahrenhold, Jan},
  booktitle={Proceedings of the 43rd ACM technical symposium on Computer Science Education},
  pages={487--492},
  year={2012},
  organization={ACM}
}

@article{wing2006,
  title={Computational thinking},
  author={Wing, Jeannette M},
  journal={Communications of the ACM},
  volume={49},
  number={3},
  pages={33--35},
  year={2006}
}

@article{yadav2014,
  title={Computational thinking in elementary and secondary teacher education},
  author={Yadav, Aman and Mayfield, Chris and Zhou, Ninger and Hambrusch, Susanne and Korb, John T},
  journal={ACM Transactions on Computing Education (TOCE)},
  volume={14},
  number={1},
  pages={5},
  year={2014},
  publisher={ACM}
}

@inproceedings{yadav2011,
  title={Introducing computational thinking in education courses},
  author={Yadav, Aman and Zhou, Ninger and Mayfield, Chris and Hambrusch, Susanne and Korb, John T},
  booktitle={Proceedings of the 42nd ACM technical symposium on Computer science education},
  pages={465--470},
  year={2011},
  organization={ACM}
}

@Misc{Donaldson2015,
  author = 	 {Graham Donaldson},
  title = 	 {{Successful Futures: Independent Review of Curriculum and Assessment Arrangements in Wales}},
  howpublished = {\url{http://gov.wales/docs/dcells/publications/150317-successful-futures-en.pdf}},
  month = 	 {February},
  year = 	 {2015}
}

@Misc{Furlong:2015,
  author = 	 {John Furlong},
  title = 	 {{Teaching Tomorrow's Teachers: Options for the future of initial teacher training in Wales}},
  howpublished = {\url{http://gov.wales/docs/dcells/publications/150309-teaching-tomorrows-teachers-final.pdf}},
  month = 	 {March},
  year = 	 {2015}
}

@Misc{STEMreview:2014,
  author = 	 {{National Assembly for Wales Enterprise and Business Committee}},
  title = 	 {{Science, Technology, Engineering and mathematical Skills}},
  howpublished = {\url{www.assemblywales.org}},
  month = 	 {September},
  year = 	 {2014}
}

@Misc{RoyalSoc:2012,
  author = 	 {{Royal Society}},
  title = 	 {{Shutdown or restart? The way forward for computing in UK schools}},
  howpublished = {\url{https://royalsociety.org/~/media/education/computing-in-schools/2012-01-12-computing-in-schools.pdf}},
  month = 	 {January},
  year = 	 {2012}
}
@article{aronin2013,
  title={Inclusive Preschool Classrooms to Introduce STEM Concepts},
  author={Aronin, Sara and Floyd, Kim K},
  journal={Teaching Exceptional Children},
  pages={35},
  year={2013}
}

@article{abbas2014ontocog,
  title={OntoCog: A Knowledge based Approach for Preschool Cognitive Skills Learning Application},
  author={Abbas, Muhammad Azeem and Ahmad, Wan Fatimah Wan and Kalid, Khairul Shafee},
  journal={Procedia-Social and Behavioral Sciences},
  volume={129},
  pages={460--468},
  year={2014},
  publisher={Elsevier}
}

@Misc{NESTA:2015,
  author = 	 {Oliver Quinlan},
  title = 	 {{Young Digital Makers: Surveying attitudes and opportunities for digital creativity across the UK}},
  howpublished = {\url{http://www.nesta.org.uk/sites/default/files/young-digital-makers-march-2015.pdf}},
  month = 	 {March},
  year = 	 {2015}
}
@inproceedings{zanchi2013next,
  title={Next generation preschool math demo: tablet games for preschool classrooms},
  author={Zanchi, Christine and Presser, Ashley Lewis and Vahey, Phil},
  booktitle={Proceedings of the 12th International Conference on Interaction Design and Children},
  pages={527--530},
  year={2013},
  organization={ACM}
}
@inproceedings{blair2013learning,
  title={Learning in critter corral: evaluating three kinds of feedback in a preschool math app},
  author={Blair, Kristen Pilner},
  booktitle={Proceedings of the 12th International Conference on Interaction Design and Children},
  pages={372--375},
  year={2013},
  organization={ACM}
}
@article{bredekamp1987developmentally,
  title={Developmentally appropriate practice in early childhood programs serving children from birth through age 8},
  author={Bredekamp, Sue},
  year={1987}
}



@article{hanley2009influencing,
  title={INFLUENCING PRESCHOOLERS'FREE-PLAY ACTIVITY PREFERENCES: AN EVALUATION OF SATIATION AND EMBEDDED REINFORCEMENT},
  author={Hanley, Gregory P and Tiger, Jeffrey H and Ingvarsson, Einar T and Cammilleri, Anthony P},
  journal={Journal of applied behavior analysis},
  volume={42},
  number={1},
  pages={33--41},
  year={2009},
  publisher={Wiley Online Library}
}

@INPROCEEDINGS{crick+sentance:2011,
  author =       {Tom Crick and Sue Sentance},
  title =        {{Computing At School: Stimulating Computing Education in the UK}},
  booktitle =    {{Proceedings of the 11th Koli Calling International Conference on Computing Education Research}},
  year =         {2012},
  publisher =    {ACM Press}
}

@INPROCEEDINGS{sentance-et-al-wipsce2012,
  author =       {Sue Sentance and Mark Dorling and Adam McNicol and Tom Crick},
  title =        {{Grand Challenges for the UK: Upskilling Teachers to Teach Computer Science Within the Secondary Curriculum}},
  booktitle =    {Proceedings of the 7th Workshop in Primary and Secondary Computing Education (WiPSCE 2012)},
  year =         {2012},
  publisher =    {ACM Press},
  pages =        {82--85}
}

@INPROCEEDINGS{brown-et-al-sigcse2012,
  author =       {Neil Brown and Michael K\"{o}lling and Tom Crick and Simon {Peyton Jones} and Simon Humphreys and Sue Sentance},
  title =        {{Bringing Computer Science Back Into Schools: Lessons from the UK}},
  booktitle =    {{Proceedings of the 44th ACM Technical Symposium on Computer Science Education (SIGCSE 2013)}},
  year =         {2013},
  publisher =    {ACM Press},
  pages =        {269--274}
}

@ARTICLE{brown-et-al-toce2014,
  author =      {Neil Brown and Sue Sentance and Tom Crick and Simon Humphreys},
  title =       {{Restart: The Resurgence of Computer Science in UK Schools}},
  journal =     {{ACM Transactions on Computer Science Education}},
  year =        {2014},
  volume =      {14},
  number =      {2},
  pages =       {1--22}
}

@INPROCEEDINGS{hubwieser-et-al:2011,
  author =       {Peter Hubwieser and Michal Armoni and Torsten Brinda and Valentina Dagiene and Ira Diethelm and Michail N. Giannakos and Maria Knobelsdorf and Johannes Magenheim and Roland Mittermeir and Sigrid Schubert},
  title =        {{Computer science/informatics in secondary education}},
  booktitle =    {{Proceedings of the 16th Annual Conference Reports on Innovation and Technology in Computer Science Education -- Working Group Reports}},
  year =         {2011},
  publisher =    {ACM Press},
  pages =        {19--38}
}

@Misc{welshictreview:2013,
  author = 	 {Stuart Arthur and Tom Crick and Janet Hayward},
  title = 	 {{The ICT Steering Group's Report to the Welsh Government}},
  howpublished = {\url{http://learning.wales.gov.uk/docs/learningwales/publications/131003-ict-steering-group-report-en.pdf}},
  month = 	 {September},
  year = 	 {2013}
}

@INPROCEEDINGS{sentance-et-al:2014,
  author =       {Sue Sentance and Simon Humphreys and Mark Dorling},
  title =        {{The Network of Teaching Excellence in Computer Science and Master Teachers}},
  booktitle =    {Proceedings of the 9th Workshop in Primary and Secondary Computing Education (WiPSCE 2014)},
  year =         {2014},
  publisher =    {ACM Press},
  pages =        {80--88}
}

@INPROCEEDINGS{sentance-et-al:2013,
  author =       {Sue Sentance and Mark Dorling and Adam McNicol},
  title =        {{Computer science in secondary schools in the UK: ways to empower teachers}},
  booktitle =    {Proceedings of the 6th International Conference on Informatics in Schools: Situation, Evolution, and Perspectives (ISSEP 2013)},
  year =         {2013},
  publisher =    {Springer},
  pages =        {15--30}
}

@INPROCEEDINGS{ball-et-al:2012,
  author =       {Catherine Ball and Faron Moller and Reena Pau},
  title =        {{The mindstorm effect: a gender analysis on the influence of LEGO mindstorms in computer science education}},
  booktitle =    {Proceedings of the 7th Workshop in Primary and Secondary Computing Education (WiPSCE 2012)},
  year =         {2012},
  publisher =    {ACM Press},
  pages =        {141--142}
}

@INPROCEEDINGS{boyle-et-al:2012,
  author =       {Roger D. Boyle and Hannah M. Dee and Fr\'{e}d\'{e}ric Labrosse},
  title =        {{Technocamps: bringing computer science to the far west}},
  booktitle =    {Proceedings of the 7th Workshop in Primary and Secondary Computing Education (WiPSCE 2012)},
  year =         {2012},
  publisher =    {ACM Press},
  pages =        {147--148}
}

@book{norman2002design,
  title={The design of everyday things},
  author={Norman, Donald A},
  year={2002},
  publisher={Basic books}
}

@book{shneiderman1986designing,
  title={Designing the user interface-strategies for effective human-computer interaction},
  author={Shneiderman, Ben},
  year={1986},
  publisher={Pearson Education India}
}

@book{rogers2011interaction,
  title={Interaction design: beyond human-computer interaction},
  author={Rogers, Yvonne and Sharp, Helen and Preece, Jenny},
  year={2011},
  publisher={John Wiley \& Sons}
}


@book{Lunchin,
author=  {Lunchin and Lunchin},
title = {How People Learn},
year ={1970},
pages = {53–54}
}

@article{Woltz,
  title={Negative transfer errors in sequential cognitive skills: Strong-but-wrong sequence application.},
  author={Woltz, Dan J and Gardner, Michael K and Bell, Brian G},
  journal={Journal of Experimental Psychology: Learning, Memory, and Cognition},
  volume={26},
  number={3},
  pages={601},
  year={2000},
  publisher={American Psychological Association}
}


@article{pan2010,
  title={A survey on transfer learning},
  author={Pan, Sinno Jialin and Yang, Qiang},
  journal={Knowledge and Data Engineering, IEEE Transactions on},
  volume={22},
  number={10},
  pages={1345--1359},
  year={2010},
  publisher={IEEE}
}

@article{Besnard2005105,
title = {Interface changes causing accidents. An empirical study of negative transfer },
journal = {International Journal of Human-Computer Studies },
volume = {62},
number = {1},
pages = {105 - 125},
year = {2005},
issn = {1071-5819},
author = {Denis Besnard and Lucile Cacitti},
}

@article{waern1993varieties,
  title={Varieties of learning to use computer tools},
  author={W{\ae}rn, Yvonne},
  journal={Computers in human behavior},
  volume={9},
  number={2},
  pages={323--339},
  year={1993},
  publisher={Elsevier}
}
@article{DiChilvers,
title = {A guide to child-led play and its importance
for thinking and learning},
author ={Di Chilvers},
year ={2012},
journal ={A publication commissioned by ATL}
}



@article{norman1999affordance,
  title={Affordance, conventions, and design},
  author={Norman, Donald A},
  journal={interactions},
  volume={6},
  number={3},
  pages={38--43},
  year={1999},
  publisher={ACM}
}

@article{gibson1977theory,
  title={The theory of affordances},
  author={Gibson, James J},
  journal={Hilldale, USA},
  year={1977}
}
